<record><leader>00000cas a22000007a 4500</leader><controlfield tag="001">13261349</controlfield><controlfield tag="008">860307d19061936wvuwr ne      0    0eng d</controlfield><datafield ind1=" " ind2=" " tag="010"><subfield code="a">sn 86092319 </subfield></datafield><datafield ind1=" " ind2=" " tag="040"><subfield code="a">WVC</subfield><subfield code="b">eng</subfield><subfield code="c">WVC</subfield><subfield code="d">OCL</subfield><subfield code="d">OCLCQ</subfield></datafield><datafield ind1="0" ind2=" " tag="130"><subfield code="a">Tucker democrat (Parsons, W. Va. : 1906)</subfield></datafield><datafield ind1="1" ind2="0" tag="245"><subfield code="a">Tucker democrat.</subfield></datafield><datafield ind1=" " ind2=" " tag="260"><subfield code="a">Parsons, W. Va. :</subfield><subfield code="b">John T. Reger,</subfield><subfield code="c">-1936.</subfield></datafield><datafield ind1=" " ind2=" " tag="300"><subfield code="a">v.</subfield></datafield><datafield ind1=" " ind2=" " tag="310"><subfield code="a">Weekly</subfield></datafield><datafield ind1="1" ind2=" " tag="362"><subfield code="a">Began in 1906?</subfield><subfield code="z">Cf. W. Va. State Gazetteers.</subfield></datafield><datafield ind1="0" ind2=" " tag="362"><subfield code="a">-v. 55, no. 32 (Apr. 2, 1936).</subfield></datafield><datafield ind1=" " ind2=" " tag="500"><subfield code="a">Publishers: George A. Dean, 1906-1908; John T. Reger, 1908-?</subfield></datafield><datafield ind1=" " ind2=" " tag="580"><subfield code="a">Preceded by: Tucker County herald (non-extant), which was previously: Tucker democrat (Parson, W. Va. : 1894).</subfield></datafield><datafield ind1=" " ind2=" " tag="588"><subfield code="a">Description based on: Vol. 30, no. 43 (Nov. 10, 1910).</subfield></datafield><datafield ind1=" " ind2=" " tag="752"><subfield code="a">United States</subfield><subfield code="b">West Virginia</subfield><subfield code="c">Tucker</subfield><subfield code="d">Parsons.</subfield></datafield><datafield ind1="1" ind2="0" tag="780"><subfield code="t">Tucker County herald</subfield></datafield><datafield ind1="0" ind2="7" tag="785"><subfield code="t">Davis news</subfield><subfield code="w">(DLC)sn 86092342</subfield></datafield><datafield ind1="0" ind2="7" tag="785"><subfield code="t">Tucker democrat and the Davis news</subfield><subfield code="w">(DLC)sn 86092320</subfield></datafield><datafield ind1="1" ind2=" " tag="787"><subfield code="t">Tucker democrat (Parsons, W. Va. : 1894)</subfield><subfield code="w">(DLC)sn 86092318</subfield></datafield></record>